<record><leader>00000cas a22000007a 4500</leader><controlfield tag="001">27352626</controlfield><controlfield tag="008">930201d19281955njucr ne      0    0eng d</controlfield><datafield ind1=" " ind2=" " tag="010"><subfield code="a">sn 93060889 </subfield></datafield><datafield ind1=" " ind2=" " tag="040"><subfield code="a">NJW</subfield><subfield code="b">eng</subfield><subfield code="c">NJW</subfield><subfield code="d">OCL</subfield><subfield code="d">OCLCQ</subfield></datafield><datafield ind1="0" ind2=" " tag="130"><subfield code="a">Times-bulletin (Boonton, N.J. : 1928)</subfield></datafield><datafield ind1="1" ind2="4" tag="245"><subfield code="a">The times-bulletin.</subfield></datafield><datafield ind1=" " ind2=" " tag="260"><subfield code="a">Boonton, N.J. :</subfield><subfield code="b">[s.n.]</subfield></datafield><datafield ind1=" " ind2=" " tag="300"><subfield code="a">v.</subfield></datafield><datafield ind1=" " ind2=" " tag="310"><subfield code="a">Semiweekly</subfield></datafield><datafield ind1="1" ind2=" " tag="362"><subfield code="a">Began in 1928.</subfield></datafield><datafield ind1="0" ind2=" " tag="362"><subfield code="a">-v. 83, no. 20 (Jan. 6, 1955).</subfield></datafield><datafield ind1=" " ind2=" " tag="588"><subfield code="a">Description based on: Vol. 71, no. 89 (Jan. 3, 1941).</subfield></datafield><datafield ind1=" " ind2=" " tag="752"><subfield code="a">United States</subfield><subfield code="b">New Jersey</subfield><subfield code="c">Morris</subfield><subfield code="d">Boonton.</subfield></datafield><datafield ind1="0" ind2="0" tag="780"><subfield code="t">Boonton times. the Boonton weekly bulletin and the Morris star</subfield></datafield><datafield ind1="0" ind2="0" tag="785"><subfield code="t">Boonton times-bulletin</subfield><subfield code="w">(DLC)sn 93060890</subfield><subfield code="w">(OCoLC)27352760</subfield></datafield></record>